<?xml version="1.0" encoding="UTF-8"?><record xmlns="http://www.loc.gov/MARC21/slim" xmlns:cinclude="http://apache.org/cocoon/include/1.0" xmlns:zs="http://www.loc.gov/zing/srw/">
  <leader>00525cz  a2200157n  4500</leader>
  <controlfield tag="001">n  96054941 </controlfield>
  <controlfield tag="003">DLC</controlfield>
  <controlfield tag="005">20130314091501.0</controlfield>
  <controlfield tag="008">960604n| azannaab           |a aaa      </controlfield>
  <datafield tag="010" ind1=" " ind2=" ">
    <subfield code="a">n  96054941 </subfield>
  </datafield>
  <datafield tag="040" ind1=" " ind2=" ">
    <subfield code="a">DLC</subfield>
    <subfield code="b">eng</subfield>
    <subfield code="e">rda</subfield>
    <subfield code="c">DLC</subfield>
    <subfield code="d">DLC</subfield>
  </datafield>
  <datafield tag="046" ind1=" " ind2=" ">
    <subfield code="g">1610</subfield>
  </datafield>
  <datafield tag="100" ind1="1" ind2=" ">
    <subfield code="a">Mora, Francisco de,</subfield>
    <subfield code="d">-1610</subfield>
  </datafield>
  <datafield tag="400" ind1="1" ind2=" ">
    <subfield code="a">De Mora, Francisco,</subfield>
    <subfield code="d">-1610</subfield>
  </datafield>
  <datafield tag="400" ind1="1" ind2=" ">
    <subfield code="w">nnea</subfield>
    <subfield code="a">Mora, Francisco de,</subfield>
    <subfield code="d">d. 1610</subfield>
  </datafield>
  <datafield tag="670" ind1=" " ind2=" ">
    <subfield code="a">El arquitecto Francisco de Mora y Santa Teresa de JesuĚs, 1990:</subfield>
    <subfield code="b">t.p. (Francisco de Mora) p. 43, etc. (d. 10 Aug., 1610, in Madrid)</subfield>
  </datafield>
</record>